@article{pijoan2006,
  author    = {Josep Pijoan-Mas},
  title     = {Precautionary Savings or Working Longer Hours?},
  journal   = {Review of Economic Dynamics},
  year      = {2006},
  volume    = {9},
  number    = {2},
  pages     = {326--352},
  month     = {April},
  doi       = {10.1016/j.red.2005.11.001}
}
